@inproceedings{Gruhl:2004,
 author = {Gruhl, Daniel and Guha, R. and Liben-Nowell, David and Tomkins, Andrew},
 title = {Information diffusion through blogspace},
 booktitle = {Proceedings of the 13th international conference on World Wide Web},
 series = {WWW '04},
 year = {2004},
 isbn = {1-58113-844-X},
 location = {New York, NY, USA},
 pages = {491--501},
 numpages = {11},
 url = {http://doi.acm.org/10.1145/988672.988739},
 doi = {10.1145/988672.988739},
 acmid = {988739},
 publisher = {ACM},
 address = {New York, NY, USA},
 keywords = {blogs, information propagation, memes, topic characterization, topic structure, viral propagation, viruses},
} 

@inproceedings{Cha:2009,
 author = {Cha, Meeyoung and Mislove, Alan and Gummadi, Krishna P.},
 title = {A measurement-driven analysis of information propagation in the flickr social network},
 booktitle = {Proceedings of the 18th international conference on World wide web},
 series = {WWW '09},
 year = {2009},
 isbn = {978-1-60558-487-4},
 location = {Madrid, Spain},
 pages = {721--730},
 numpages = {10},
 url = {http://doi.acm.org/10.1145/1526709.1526806},
 doi = {10.1145/1526709.1526806},
 acmid = {1526806},
 publisher = {ACM},
 address = {New York, NY, USA},
 keywords = {cascades, flickr, information dissemination, social networks, viral marketing},
} 

@inproceedings{Hamasaki:2008,
 author = {Hamasaki, Masahiro and Takeda, Hideaki and Nishimura, Takuichi},
 title = {Network analysis of massively collaborative creation of multimedia contents: case study of hatsune miku videos on nico nico douga},
 booktitle = {Proceedings of the 1st international conference on Designing interactive user experiences for TV and video},
 series = {UXTV '08},
 year = {2008},
 isbn = {978-1-60558-100-2},
 location = {Silicon Valley, California, USA},
 pages = {165--168},
 numpages = {4},
 url = {http://doi.acm.org/10.1145/1453805.1453838},
 doi = {10.1145/1453805.1453838},
 acmid = {1453838},
 publisher = {ACM},
 address = {New York, NY, USA},
 keywords = {community analysis, massively collaborative creation, video sharing},
} 

@inproceedings{Leskovec:2006,
 author = {Leskovec, Jure and Singh, Ajit and Kleinberg, Jon},
 title = {Patterns of influence in a recommendation network},
 booktitle = {Proceedings of the 10th Pacific-Asia conference on Advances in Knowledge Discovery and Data Mining},
 series = {PAKDD'06},
 year = {2006},
 isbn = {3-540-33206-5, 978-3-540-33206-0},
 location = {Singapore},
 pages = {380--389},
 numpages = {10},
 url = {http://dx.doi.org/10.1007/11731139_44},
 doi = {10.1007/11731139_44},
 acmid = {2097097},
 publisher = {Springer-Verlag},
 address = {Berlin, Heidelberg},
} 

@misc{niconico,
  title = {niconico},
  howpublished = {\url{http://www.niconico.jp/}},
  note = {Accessed: November 4, 2013}
}

@misc{mmd,
  author = {Yu Higuchi},
  title = {{VPVP}},
  howpublished = {\url{http://www.geocities.jp/higuchuu4/index_e.htm}},
  note = {Accessed: November 4, 2013}
}


@misc{content-tree,
  title = {Content Tree - Niconi Commons},
  howpublished = {\url{http://commons.nicovideo.jp/tree/}},
  note = {Accessed: November 4, 2013}
}